@inproceedings{li2020collaborative,
  title={Collaborative filtering recommendation algorithm based on user characteristics and user interests},
  author={Li, Shangsong and Li, Xuesong},
  booktitle={Journal of Physics: Conference Series},
  volume={1616},
  number={1},
  pages={012032},
  year={2020},
  organization={IOP Publishing}
}

@article{li2014social,
  title={Social recommendation algorithm fusing user interest social network},
  author={LI, Yu-sheng and SONG, Mei-na and Hai-Hong, E and SONG, Jun-de},
  journal={The Journal of China Universities of Posts and Telecommunications},
  volume={21},
  pages={26--33},
  year={2014},
  publisher={Elsevier}
}

@article{dhelim2020personality,
  title={Personality-aware product recommendation system based on user interests mining and metapath discovery},
  author={Dhelim, Sahraoui and Ning, Huansheng and Aung, Nyothiri and Huang, Runhe and Ma, Jianhua},
  journal={IEEE Transactions on Computational Social Systems},
  volume={8},
  number={1},
  pages={86--98},
  year={2020},
  publisher={IEEE}
}

@inproceedings{zhang2012research,
  title={The research of e-commerce recommendation system based on collaborative filtering technology},
  author={Zhang, ZhiQiang and Qian, SuJuan},
  booktitle={Advances in Computer Science and Information Engineering: Volume 1},
  pages={507--512},
  year={2012},
  organization={Springer}
}

@inproceedings{wu2008clustering,
  title={Clustering technology application in e-commerce recommendation system},
  author={Wu, Jing Hui and Liu, Qiang and Luo, Si Wen},
  booktitle={2008 International Conference on Management of e-Commerce and e-Government},
  pages={200--203},
  year={2008},
  organization={IEEE}
}

@inproceedings{davidson2010youtube,
  title={The YouTube video recommendation system},
  author={Davidson, James and Liebald, Benjamin and Liu, Junning and Nandy, Palash and Van Vleet, Taylor and Gargi, Ullas and Gupta, Sujoy and He, Yu and Lambert, Mike and Livingston, Blake and others},
  booktitle={Proceedings of the fourth ACM conference on Recommender systems},
  pages={293--296},
  year={2010}
}

@inproceedings{hongliang2015video,
  title={The video recommendation system based on DBN},
  author={Hongliang, Cui and Xiaona, Qin},
  booktitle={2015 IEEE International Conference on Computer and Information Technology; Ubiquitous Computing and Communications; Dependable, Autonomic and Secure Computing; Pervasive Intelligence and Computing},
  pages={1016--1021},
  year={2015},
  organization={IEEE}
}

@inproceedings{li2011scene,
  title={Scene: a scalable two-stage personalized news recommendation system},
  author={Li, Lei and Wang, Dingding and Li, Tao and Knox, Daniel and Padmanabhan, Balaji},
  booktitle={Proceedings of the 34th international ACM SIGIR conference on Research and development in Information Retrieval},
  pages={125--134},
  year={2011}
}

@article{zihayat2019utility,
  title={A utility-based news recommendation system},
  author={Zihayat, Morteza and Ayanso, Anteneh and Zhao, Xing and Davoudi, Heidar and An, Aijun},
  journal={Decision Support Systems},
  volume={117},
  pages={14--27},
  year={2019},
  publisher={Elsevier}
}

@article{tang2013social,
  title={Social recommendation: a review},
  author={Tang, Jiliang and Hu, Xia and Liu, Huan},
  journal={Social Network Analysis and Mining},
  volume={3},
  pages={1113--1133},
  year={2013},
  publisher={Springer}
}

@inproceedings{gong2020edgerec,
  title={EdgeRec: recommender system on edge in Mobile Taobao},
  author={Gong, Yu and Jiang, Ziwen and Feng, Yufei and Hu, Binbin and Zhao, Kaiqi and Liu, Qingwen and Ou, Wenwu},
  booktitle={Proceedings of the 29th ACM International Conference on Information \& Knowledge Management},
  pages={2477--2484},
  year={2020}
}

@article{cai2023reinforcing,
  title={Reinforcing User Retention in a Billion Scale Short Video Recommender System},
  author={Cai, Qingpeng and Liu, Shuchang and Wang, Xueliang and Zuo, Tianyou and Xie, Wentao and Yang, Bin and Zheng, Dong and Jiang, Peng and Gai, Kun},
  journal={arXiv preprint arXiv:2302.01724},
  year={2023}
}

@article{su2020link,
  title={Link prediction in recommender systems based on vector similarity},
  author={Su, Zhan and Zheng, Xiliang and Ai, Jun and Shen, Yuming and Zhang, Xuanxiong},
  journal={Physica A: Statistical Mechanics and its Applications},
  volume={560},
  pages={125154},
  year={2020},
  publisher={Elsevier}
}

@inproceedings{dhaware2020tourism,
  title={A tourism and travel recommendation system based on user-location vector},
  author={Dhaware, Meghana and Vanwari, Pankaj},
  booktitle={ICDSMLA 2019: Proceedings of the 1st International Conference on Data Science, Machine Learning and Applications},
  pages={1429--1437},
  year={2020},
  organization={Springer}
}

@inproceedings{mukhopadhyay2008product,
  title={A product recommendation system using vector space model and association rule},
  author={Mukhopadhyay, Debajyoti and Dutta, Ruma and Kundu, Anirban and Dattagupta, Rana},
  booktitle={2008 International Conference on Information Technology},
  pages={279--282},
  year={2008},
  organization={IEEE}
}

@inproceedings{chen2022approximate,
  title={Approximate nearest neighbor search under neural similarity metric for large-scale recommendation},
  author={Chen, Rihan and Liu, Bin and Zhu, Han and Wang, Yaoxuan and Li, Qi and Ma, Buting and Hua, Qingbo and Jiang, Jun and Xu, Yunlong and Deng, Hongbo and others},
  booktitle={Proceedings of the 31st ACM International Conference on Information \& Knowledge Management},
  pages={3013--3022},
  year={2022}
}

@article{wang2021comprehensive,
  title={A comprehensive survey and experimental comparison of graph-based approximate nearest neighbor search},
  author={Wang, Mengzhao and Xu, Xiaoliang and Yue, Qiang and Wang, Yuxiang},
  journal={arXiv preprint arXiv:2101.12631},
  year={2021}
}

@inproceedings{jiang2020clustering,
  title={Clustering and constructing user coresets to accelerate large-scale top-k recommender systems},
  author={Jiang, Jyun-Yu and Chen, Patrick H and Hsieh, Cho-Jui and Wang, Wei},
  booktitle={Proceedings of the Web Conference 2020},
  pages={2177--2187},
  year={2020}
}

@article{xu2022proximity,
  title={Proximity Graph Maintenance for Fast Online Nearest Neighbor Search},
  author={Xu, Zhaozhuo and Zhao, Weijie and Tan, Shulong and Zhou, Zhixin and Li, Ping},
  journal={arXiv preprint arXiv:2206.10839},
  year={2022}
}

@article{chen2022finger,
  title={FINGER: Fast Inference for Graph-based Approximate Nearest Neighbor Search},
  author={Chen, Patrick H and Wei-cheng, Chang and Hsiang-fu, Yu and Dhillon, Inderjit S and Cho-jui, Hsieh},
  journal={arXiv preprint arXiv:2206.11408},
  year={2022}
}

@inproceedings{yu2022gpu,
  title={GPU-accelerated Proximity Graph Approximate Nearest Neighbor Search and Construction},
  author={Yu, Yuanhang and Wen, Dong and Zhang, Ying and Qin, Lu and Zhang, Wenjie and Lin, Xuemin},
  booktitle={2022 IEEE 38th International Conference on Data Engineering (ICDE)},
  pages={552--564},
  year={2022},
  organization={IEEE}
}

@article{groh2022ggnn,
  title={Ggnn: Graph-based gpu nearest neighbor search},
  author={Groh, Fabian and Ruppert, Lukas and Wieschollek, Patrick and Lensch, Hendrik PA},
  journal={IEEE Transactions on Big Data},
  volume={9},
  number={1},
  pages={267--279},
  year={2022},
  publisher={IEEE}
}

@article{yi2019deep,
  title={Deep matrix factorization with implicit feedback embedding for recommendation system},
  author={Yi, Baolin and Shen, Xiaoxuan and Liu, Hai and Zhang, Zhaoli and Zhang, Wei and Liu, Sannyuya and Xiong, Naixue},
  journal={IEEE Transactions on Industrial Informatics},
  volume={15},
  number={8},
  pages={4591--4601},
  year={2019},
  publisher={IEEE}
}

@inproceedings{zhang2016collaborative,
  title={Collaborative knowledge base embedding for recommender systems},
  author={Zhang, Fuzheng and Yuan, Nicholas Jing and Lian, Defu and Xie, Xing and Ma, Wei-Ying},
  booktitle={Proceedings of the 22nd ACM SIGKDD international conference on knowledge discovery and data mining},
  pages={353--362},
  year={2016}
}

@inproceedings{khoshneshin2010collaborative,
  title={Collaborative filtering via euclidean embedding},
  author={Khoshneshin, Mohammad and Street, W Nick},
  booktitle={Proceedings of the fourth ACM conference on Recommender systems},
  pages={87--94},
  year={2010}
}

@inproceedings{chen2019collaborative,
  title={Collaborative similarity embedding for recommender systems},
  author={Chen, Chih-Ming and Wang, Chuan-Ju and Tsai, Ming-Feng and Yang, Yi-Hsuan},
  booktitle={The World Wide Web Conference},
  pages={2637--2643},
  year={2019}
}

@inproceedings{rahutomo2019embedding,
  title={Embedding model design for producing book recommendation},
  author={Rahutomo, Reza and Perbangsa, Anzaludin Samsinga and Soeparno, Haryono and Pardamean, Bens},
  booktitle={2019 International conference on information management and technology (ICIMTech)},
  volume={1},
  pages={537--541},
  year={2019},
  organization={IEEE}
}

@inproceedings{wang2016mobile,
  title={A mobile recommendation system based on logistic regression and gradient boosting decision trees},
  author={Wang, Yaozheng and Feng, Dawei and Li, Dongsheng and Chen, Xinyuan and Zhao, Yunxiang and Niu, Xin},
  booktitle={2016 international joint conference on neural networks (IJCNN)},
  pages={1896--1902},
  year={2016},
  organization={IEEE}
}

@inproceedings{oladipo2021improved,
  title={An improved course recommendation system based on historical grade data using logistic regression},
  author={Oladipo, Idowu Dauda and Awotunde, Joseph Bamidele and AbdulRaheem, Muyideen and Ige, Oluwasegun Osemudiame and Balogun, Ghaniyyat Bolanle and Tomori, Adekola Rasheed and Taofeek-Ibrahim, Fatimoh Abidemi},
  booktitle={Applied Informatics: Fourth International Conference, ICAI 2021, Buenos Aires, Argentina, October 28--30, 2021, Proceedings 4},
  pages={207--221},
  year={2021},
  organization={Springer}
}

@inproceedings{tian2019music,
  title={A music recommendation system based on logistic regression and eXtreme gradient boosting},
  author={Tian, Haoye and Cai, Haini and Wen, Junhao and Li, Shun and Li, Yingqiao},
  booktitle={2019 international joint conference on neural networks (IJCNN)},
  pages={1--6},
  year={2019},
  organization={IEEE}
}

@inproceedings{liu2016recurrent,
  title={A recurrent neural network based recommendation system},
  author={Liu, David Zhan and Singh, Gurbir},
  booktitle={International Conference on Recent Trends in Engineering, Science \& Technology},
  year={2016}
}

@inproceedings{rivas2020social,
  title={Social network recommender system, a neural network approach},
  author={Rivas, Alberto and Chamoso, Pablo and Gonz{\'a}lez-Briones, Alfonso and Pav{\'o}n, Juan and Corchado, Juan M},
  booktitle={Intelligent Data Engineering and Automated Learning--IDEAL 2020: 21st International Conference, Guimaraes, Portugal, November 4--6, 2020, Proceedings, Part II 21},
  pages={213--222},
  year={2020},
  organization={Springer}
}

@inproceedings{covington2016deep,
  title={Deep neural networks for youtube recommendations},
  author={Covington, Paul and Adams, Jay and Sargin, Emre},
  booktitle={Proceedings of the 10th ACM conference on recommender systems},
  pages={191--198},
  year={2016}
}








@article{zhangkun1994,
  author     = {张昆 and 冯立群 and 余昌钰 and others},
  title      = {机器人柔性手腕的球面齿轮设计研究},
  journal    = {清华大学学报: 自然科学版},
  volume     = {34},
  number     = {2},
  pages      = {1--7},
  year       = {1994},
  key        = {zhang1 kun1},
}

@book{zhukezhen1973,
  author     = {竺可桢},
  title      = {物理学论},
  address    = {北京},
  publisher  = {科学出版社},
  year       = {1973},
  pages      = {56--60},
  key        = {zhu2 ke3 zhen1},
}

@inproceedings{dupont1974bone,
  author     = {Dupont, B},
  title      = {Bone marrow transplantation in severe combined immunodeficiency with an unrelated MLC compatible donor},
  editor     = {White, H J and Smith, R},
  booktitle  = {Proceedings of the third annual meeting of the International Society for Experimental Hematology},
  address    = {Houston},
  publisher  = {International Society for Experimental Hematology},
  year       = {1974},
  pages      = {44--46},
}

@mastersthesis{zhengkaiqing1987,
  author     = {郑开青},
  title      = {通讯系统模拟及软件},
  address    = {北京},
  school     = {清华大学无线电系},
  year       = {1987},
  key        = {zheng4 kai1 qing1},
}

@patent{jiangxizhou1980,
  author     = {姜锡洲},
  title      = {一种温热外敷药制备方案},
  address    = {中国},
  number     = {88105607.3},
  date       = {1980-07-26},
  key        = {jiang1 xi1 zhou1},
}

@standard{jianduju1994,
  author     = {中华人民共和国国家技术监督局},
  title      = {GB3100-3102. 中华人民共和国国家标准-量与单位},
  address    = {北京},
  publisher  = {中国标准出版社},
  year       = {1994},
  key        = {zhong1 hua2 ren2 min2 gong4 he2 guo2},
}

@article{merkt1995rotational,
  author     = {Merkt, Fr{\'e}d{\'e}ric and Mackenzie, S R and Softley, Timothy P},
  title      = {Rotational Autoionization Dynamics in High Rydberg States of Nitrogen},
  journal    = {J Chem Phys},
  year       = {1995},
  volume     = {103},
  pages      = {4509--4518},
}

@article{mellinger1996laser,
  author     = {Mellinger, A and Vidal, C R and Jungen, {Ch}},
  title      = {Laser reduced fluorescence study of the carbon monoxide nd triplet Rydberg series - Experimental results and multichannel quantum defect analysis},
  journal    = {J Chem Phys},
  year       = {1996},
  volume     = {104},
  pages      = {8913--8921},
}

@article{bixon1996dynamics,
  author     = {Bixon, M and Jortner, Joshua},
  title      = {The dynamics of predissociating high {Rydberg} states of {NO}},
  journal    = {J Chem Phys},
  year       = {1996},
  volume     = {105},
  pages      = {1363--1382},
}

@article{mahui1995,
  author     = {马辉 and 李俭 and 刘耀明 and others},
  title      = {利用 {REMPI} 方法测量 {BaF} 高里德堡系列光谱},
  journal    = {化学物理学报},
  year       = {1995},
  volume     = {8},
  pages      = {308--311},
  key        = {ma3 hui1},
}

@article{carlson1981two,
  author     = {Carlson, N W and Taylor, A J and Jones, K M and Schawlow, A L},
  title      = {Two-step polarization-labeling spectroscopy of excited states of {Na2}},
  journal    = {Phys Rev A},
  year       = {1981},
  volume     = {24},
  pages      = {822--834},
}

@article{taylor1983scanning,
  author     = {Taylor, A J and Jones, K M and Schawlow, A L},
  title      = {Scanning pulsed-polarization spectrometer applied to {Na2}},
  journal    = {J Opt Soc Am},
  year       = {1983},
  volume     = {73},
  pages      = {994--998},
}

@article{taylor1981study,
  author     = {Taylor, A J and Jones, K M and Schawlow, A L},
  title      = {A study of the excited {1$\Sigma$g+} states in {Na2}},
  journal    = {Opt Commun},
  year       = {1981},
  volume     = {39},
  pages      = {47--50},
}

@article{shimizu1983laser,
  author     = {Shimizu, Kazuko and Shimizu, Fujio},
  title      = {Laser induced fluorescence spectra of the a {3$\Pi$u--X 1$\Sigma$g+} band of {Na2} by molecular beam},
  journal    = {J Chem Phys},
  year       = {1983},
  volume     = {78},
  pages      = {1126--1131},
}

@article{atkinson1982experimental,
  author     = {Atkinson, J B and Becker, J and Demtr{\"o}der, W},
  title      = {Experimental observation of the a {3$\Pi$u} state of {Na2}},
  journal    = {Chem Phys Lett},
  year       = {1982},
  volume     = {87},
  pages      = {92--97},
}

@article{kusch1975perturbations,
  author     = {Kusch, P and Hessel, M M},
  title      = {Perturbations in the A {1$\Sigma$u+} state of {Na2}},
  journal    = {J Chem Phys},
  year       = {1975},
  volume     = {63},
  pages      = {4087--4088},
}

@book{guangxi1993,
  author     = {广西壮族自治区林业厅},
  title      = {广西自然保护区},
  address    = {北京},
  publisher  = {中国林业出版社},
  year       = {1993},
  key        = {guang3 xi1 zhuang4 zu2 zi4 zhi4 qu1},
}

@book{huosini1989guwu,
  author     = {霍斯尼},
  title      = {谷物科学与工艺学原理},
  translator = {李庆龙},
  edition    = {2},
  address    = {北京},
  publisher  = {中国食品出版社},
  year       = {1989},
  pages      = {15--20},
  key        = {huo4 si1 ni2},
}

@book{wangfuzhi1865songlun,
  author     = {王夫之},
  title      = {宋论},
  edition    = {刻本},
  address    = {金陵},
  publisher  = {曾氏},
  year       = {1865（清同治四年）},
  key        = {wang2 fu1 zhi1},
}

@book{zhaoyaodong1998xinshidai,
  author     = {赵耀东},
  title      = {新时代的工业工程师},
  address    = {台北},
  publisher  = {天下文化出版社},
  year       = {1998},
  urldate    = {1998-09-26},
  url        = {http://www.ie.nthu.edu.tw/info/ie.newie.htm},
  key        = {zhao4 yao4 dong1},
}

@standard{biaozhunhua2002tushu,
  author     = {全国信息与文献工作标准化技术委员会出版物格式分委员会},
  title      = {GB/T 12450-2001 图书书名页},
  address    = {北京},
  publisher  = {中国标准出版社},
  year       = {2002},
  pages      = {1},
  key        = {quan2 guo2 xin4 xi1},
}

@book{chubanzhuanye2004,
  author     = {全国出版专业职业资格考试办公室},
  title      = {全国出版专业职业资格考试辅导教材: 出版专业理论与实务•中级},
  edition    = {2014},
  address    = {上海},
  publisher  = {上海辞书出版社},
  year       = {2004},
  pages      = {299--307},
  key        = {quan2 guo2 chu1 ban3 ye4},
}

@techreport{who1970factors,
  author     = {{World Health Organization}},
  title      = {Factors Regulating the Immune Response: Report of {WHO Scientific Group}},
  address    = {Geneva},
  publisher  = {WHO},
  year       = {1970},
}

@book{peebles2001probability,
  author     = {Peebles, Jr, Peyton Z.},
  title      = {Probability, Random Variables, and Random Signal Principles},
  edition    = {4},
  address    = {New York},
  publisher  = {McGraw Hill},
  year       = {2001},
}

@incollection{baishunong1998zhiwu,
  author     = {白书农},
  title      = {植物开花研究},
  editor     = {李承森},
  booktitle  = {植物科学进展},
  address    = {北京},
  publisher  = {高等教育出版社},
  year       = {1998},
  pages      = {146--163},
  key        = {bai2 shu1 nong2},
}

@incollection{weinstein1974pathogenic,
  author     = {Weinstein, L and Swertz, M N},
  title      = {Pathogenic Properties of Invading Microorganism},
  editor     = {Sodeman, Jr, William A and Sodeman, William A},
  booktitle  = {Pathologic physiology: mechanisms of disease},
  address    = {Philadelphia},
  publisher  = {Saunders},
  year       = {1974},
  pages      = {745--772},
}

@inproceedings{hanjiren1985lun,
  author     = {韩吉人},
  title      = {论职工教育的特点},
  editor     = {中国职工教育研究会},
  booktitle  = {职工教育研究论文集},
  address    = {北京},
  publisher  = {人民教育出版社},
  year       = {1985},
  pages      = {90--99},
  key        = {han2 ji2 ren2},
}

@periodical{dizhi1936dizhi,
  author     = {中国地质学会},
  title      = {地质评论},
  year       = {1936},
  volume     = {1},
  number     = {1},
  address    = {北京},
  publisher  = {地质出版社},
  key        = {zhong1 guo2 di4 zhi3 xue2 hui4},
}

@periodical{tushuguan1957tushuguanxue,
  author     = {中国图书馆学会},
  title      = {图书馆学通讯},
  year       = {1957/1990},
  number     = {1--4},
  address    = {北京},
  publisher  = {北京图书馆},
  key        = {zhong1 guo2 tu2 shu1 guan3 xue2 hui4},
}

@periodical{aaas1883science,
  author     = {{American Association for the Advancement of Science}},
  title      = {Science},
  year       = {1883},
  volume     = {1},
  number     = {1},
  address    = {Washington, D.C.},
  publisher  = {American Association for the Advancement of Science},
}

@newspaper{fugang2000fengsha,
  author     = {傅刚 and 赵承 and 李佳路},
  title      = {大风沙过后的思考},
  journal    = {北京青年报},
  date       = {2000-04-12},
  number     = {14},
  urldate    = {2002-03-06},
  url        = {http://www.bjyouth.com.cn/Bqb/20000412/B/4216%5ED0412B1401.htm},
  key        = {fu4 gang1},
}

@online{xiaoyu2001chubanye,
  author     = {萧钰},
  title      = {出版业信息化迈入快车道},
  year       = {2001},
  date       = {2001-12-19},
  urldate    = {2002-04-15},
  url        = {http://www.creader.com/news/20011219/200112190019.htm},
  key        = {xiao1 yu4},
}

@online{oclc2000about,
  author     = {{Online Computer Library Center, Inc}},
  title      = {About {OCLC}: History of Cooperation},
  urldate    = {2000-01-08},
  url        = {http://www.oclc.org/about/cooperation.en.htm},
}

@software{scitor2000project,
  author     = {{Scitor Corporation}},
  title      = {Project scheduler},
  address    = {Sunnyvale, Calif.},
  publisher  = {Scitor Corporation},
  year       = {1983},
  medium     = {DK},
}

% This paper

@online{nns-wiki,
  author     = {Wikipedia},
  title      = {Nearest neighbor search},
  urldate    = {2023-03-19},
  url        = {https://en.wikipedia.org/wiki/Nearest_neighbor_search},
}

% 相关工作
% PQ-based
@article{pq-2010,
  title={Product quantization for nearest neighbor search},
  author={Jegou, Herve and Douze, Matthijs and Schmid, Cordelia},
  journal={IEEE transactions on pattern analysis and machine intelligence},
  volume={33},
  number={1},
  pages={117--128},
  year={2010},
  publisher={IEEE}
}
@inproceedings{opq-2013,
  title={Optimized product quantization for approximate nearest neighbor search},
  author={Ge, Tiezheng and He, Kaiming and Ke, Qifa and Sun, Jian},
  booktitle={Proceedings of the IEEE Conference on Computer Vision and Pattern Recognition},
  pages={2946--2953},
  year={2013}
}
@inproceedings{douze2016polysemous,
  title={Polysemous codes},
  author={Douze, Matthijs and J{\'e}gou, Herv{\'e} and Perronnin, Florent},
  booktitle={European Conference on Computer Vision},
  pages={785--801},
  year={2016},
  organization={Springer}
}
@inproceedings{zhang2019grip,
  title={Grip: Multi-store capacity-optimized high-performance nearest neighbor search for vector search engine},
  author={Zhang, Minjia and He, Yuxiong},
  booktitle={Proceedings of the 28th ACM International Conference on Information and Knowledge Management},
  pages={1673--1682},
  year={2019}
}
@inproceedings{kalantidis2014locally,
  title={Locally optimized product quantization for approximate nearest neighbor search},
  author={Kalantidis, Yannis and Avrithis, Yannis},
  booktitle={Proceedings of the IEEE Conference on Computer Vision and Pattern Recognition},
  pages={2321--2328},
  year={2014}
}
@inproceedings{abdelhadi2019accelerated,
  title={Accelerated Approximate Nearest Neighbors Search Through Hierarchical Product Quantization},
  author={Abdelhadi, Ameer MS and Bouganis, Christos-Savvas and Constantinides, George A},
  booktitle={2019 International Conference on Field-Programmable Technology (ICFPT)},
  pages={90--98},
  year={2019},
  organization={IEEE}
}
% tree-based
@inproceedings{kdtree-2008,
  title={Optimised KD-trees for fast image descriptor matching},
  author={Silpa-Anan, Chanop and Hartley, Richard},
  booktitle={2008 IEEE Conference on Computer Vision and Pattern Recognition},
  pages={1--8},
  year={2008},
  organization={IEEE}
}
@online{Annoy,
  author     = {Erik Bernhardsson},
  title      = {Annoy},
  urldate    = {2023-03-29},
  url        = {https://github.com/spotify/annoy},
}
@article{houle2014rank,
  title={Rank-based similarity search: Reducing the dimensional dependence},
  author={Houle, Michael E and Nett, Michael},
  journal={IEEE transactions on pattern analysis and machine intelligence},
  volume={37},
  number={1},
  pages={136--150},
  year={2014},
  publisher={IEEE}
}
@article{arora2018hd,
  title={Hd-index: Pushing the scalability-accuracy boundary for approximate knn search in high-dimensional spaces},
  author={Arora, Akhil and Sinha, Sakshi and Kumar, Piyush and Bhattacharya, Arnab},
  journal={arXiv preprint arXiv:1804.06829},
  year={2018}
}
@article{muja2014scalable,
  title={Scalable nearest neighbor algorithms for high dimensional data},
  author={Muja, Marius and Lowe, David G},
  journal={IEEE transactions on pattern analysis and machine intelligence},
  volume={36},
  number={11},
  pages={2227--2240},
  year={2014},
  publisher={IEEE}
}
@article{wang2013trinary,
  title={Trinary-projection trees for approximate nearest neighbor search},
  author={Wang, Jingdong and Wang, Naiyan and Jia, You and Li, Jian and Zeng, Gang and Zha, Hongbin and Hua, Xian-Sheng},
  journal={IEEE transactions on pattern analysis and machine intelligence},
  volume={36},
  number={2},
  pages={388--403},
  year={2013},
  publisher={IEEE}
}
@inproceedings{AQA-1998,
  title={A Quantitative Analysis and Performance Study for Similarity-Search Methods in High-Dimensional Spaces},
  author={Roger Weber and Hans-J{\"o}rg Schek and Stephen Blott},
  booktitle={Very Large Data Bases Conference},
  year={1998}
}
% LSH-based
% todo
@article{lsh-1999,
  title={Similarity search in high dimensions via hashing},
  author={Gionis, Aristides and Indyk, Piotr and Motwani, Rajeev and others},
  booktitle={Vldb},
  volume={99},
  number={6},
  pages={518--529},
  year={1999}
}
@article{lsh-2004,
  title={Locality-sensitive hashing scheme based on p-stable distributions},
  author={Datar, Mayur and Immorlica, Nicole and Indyk, Piotr and Mirrokni, Vahab S},
  booktitle={Proceedings of the twentieth annual symposium on Computational geometry},
  pages={253--262},
  year={2004}
}
@inproceedings{terasawa2007spherical,
  title={Spherical LSH for approximate nearest neighbor search on unit hypersphere},
  author={Terasawa, Kengo and Tanaka, Yuzuru},
  booktitle={Workshop on Algorithms and Data Structures},
  pages={27--38},
  year={2007},
  organization={Springer}
}
@article{liu2014sk,
  title={SK-LSH: an efficient index structure for approximate nearest neighbor search},
  author={Liu, Yingfan and Cui, Jiangtao and Huang, Zi and Li, Hui and Shen, Heng Tao},
  journal={Proceedings of the VLDB Endowment},
  volume={7},
  number={9},
  pages={745--756},
  year={2014},
  publisher={VLDB Endowment}
}
@article{sh-2008,
  title={Spectral hashing},
  author={Weiss, Yair and Torralba, Antonio and Fergus, Rob},
  journal={Advances in neural information processing systems},
  volume={21},
  year={2008}
}
@article{sun2014srs,
  title={SRS: solving c-approximate nearest neighbor queries in high dimensional euclidean space with a tiny index},
  author={Sun, Yifang and Wang, Wei and Qin, Jianbin and Zhang, Ying and Lin, Xuemin},
  journal={Proceedings of the VLDB Endowment},
  year={2014}
}
% graph-based
@inproceedings{kgraph-2011,
  title={Efficient k-nearest neighbor graph construction for generic similarity measures},
  author={Dong, Wei and Moses, Charikar and Li, Kai},
  booktitle={Proceedings of the 20th international conference on World wide web},
  pages={577--586},
  year={2011}
}
@article{nsw-2014,
  title={Approximate nearest neighbor algorithm based on navigable small world graphs},
  author={Malkov, Yury and Ponomarenko, Alexander and Logvinov, Andrey and Krylov, Vladimir},
  journal={Information Systems},
  volume={45},
  pages={61--68},
  year={2014},
  publisher={Elsevier}
}
@article{hnsw-2018,
  title={Efficient and robust approximate nearest neighbor search using hierarchical navigable small world graphs},
  author={Malkov, Yu A and Yashunin, Dmitry A},
  journal={IEEE transactions on pattern analysis and machine intelligence},
  volume={42},
  number={4},
  pages={824--836},
  year={2018},
  publisher={IEEE}
}
@article{rng-1980,
  title={The relative neighbourhood graph of a finite planar set},
  author={Toussaint, Godfried T},
  journal={Pattern recognition},
  volume={12},
  number={4},
  pages={261--268},
  year={1980},
  publisher={Elsevier}
}
@article{nsg-2019,
  title={Fast approximate nearest neighbor search with the navigating spreading-out graph},
  author={Fu, Cong and Xiang, Chao and Wang, Changxu and Cai, Deng},
  journal={Proceedings of the VLDB Endowment},
  volume={12},
  number={5},
  pages={461--474},
  year={2019},
  publisher={VLDB Endowment}
}
@article{dpg-2019,
  title={Approximate nearest neighbor search on high dimensional data—experiments, analyses, and improvement},
  author={Li, Wen and Zhang, Ying and Sun, Yifang and Wang, Wei and Li, Mingjie and Zhang, Wenjie and Lin, Xuemin},
  journal={IEEE Transactions on Knowledge and Data Engineering},
  volume={32},
  number={8},
  pages={1475--1488},
  year={2019},
  publisher={IEEE}
}
@article{ganns-survey-2021,
  title={A comprehensive survey and experimental comparison of graph-based approximate nearest neighbor search},
  author={Wang, Mengzhao and Xu, Xiaoliang and Yue, Qiang and Wang, Yuxiang},
  journal={Proceedings of the VLDB Endowment},
  volume={14},
  number={11},
  pages={1964--1978},
  year={2021},
  publisher={VLDB Endowment}
}


% Benchmark


% background-dist
@article{dokmanic2015euclidean,
  title={Euclidean distance matrices: essential theory, algorithms, and applications},
  author={Dokmanic, Ivan and Parhizkar, Reza and Ranieri, Juri and Vetterli, Martin},
  journal={IEEE Signal Processing Magazine},
  volume={32},
  number={6},
  pages={12--30},
  year={2015},
  publisher={IEEE}
}
@article{critchley1988certain,
  title={On certain linear mappings between inner-product and squared-distance matrices},
  author={Critchley, Frank},
  journal={Linear Algebra and its Applications},
  volume={105},
  pages={91--107},
  year={1988},
  publisher={Elsevier}
}
@inproceedings{zou2008shape,
  title={Shape-based trademark retrieval using cosine distance method},
  author={Zou, Bei-ji and Umugwaneza, Marie Providence},
  booktitle={2008 Eighth International Conference on Intelligent Systems Design and Applications},
  volume={2},
  pages={498--504},
  year={2008},
  organization={IEEE}
}
@inproceedings{nguyen2010cosine,
  title={Cosine similarity metric learning for face verification},
  author={Nguyen, Hieu V and Bai, Li},
  booktitle={Asian conference on computer vision},
  pages={709--720},
  year={2010},
  organization={Springer}
}

% datasets
% deep
@inproceedings{deep-2016,
  title={Efficient indexing of billion-scale datasets of deep descriptors},
  author={Babenko, Artem and Lempitsky, Victor},
  booktitle={Proceedings of the IEEE Conference on Computer Vision and Pattern Recognition},
  pages={2055--2063},
  year={2016}
}
% turing
@misc{billionanns,
  author =       "Harsha Vardhan Simhadri and others",
  year =         "2021",
  month =        "",
  title =        "Billion-Scale Approximate Nearest Neighbor Search Challenge",
  lastaccessed = "Jan 9, 2022",
  url =          "http://big-ann-benchmarks.com/"
}